@book{murphy_machine_2012,
	address = {Cambridge, MA},
	series = {Adaptive computation and machine learning series},
	title = {Machine learning: a probabilistic perspective},
	isbn = {978-0-262-01802-9},
	shorttitle = {Machine learning},
	language = {en},
	publisher = {MIT Press},
	author = {Murphy, Kevin P.},
	year = {2012},
	keywords = {Machine learning, Probabilities},
}

@book{james_introduction_2013,
	address = {New York, NY},
	series = {Springer {Texts} in {Statistics}},
	title = {An {Introduction} to {Statistical} {Learning}},
	volume = {103},
	isbn = {978-1-4614-7137-0 978-1-4614-7138-7},
	url = {http://link.springer.com/10.1007/978-1-4614-7138-7},
	language = {en},
	urldate = {2021-12-14},
	publisher = {Springer New York},
	author = {James, Gareth and Witten, Daniela and Hastie, Trevor and Tibshirani, Robert},
	year = {2013},
	doi = {10.1007/978-1-4614-7138-7},
}

@book{shumway_time_2017,
	title = {Time {Series} {Analysis} and {Its} {Applications}},
	isbn = {978-3-319-52451-1},
	url = {http://link.springer.com/10.1007/978-3-319-52452-8},
	publisher = {Springer International Publishing},
	author = {Shumway, Robert H. and Stoffer, David S.},
	year = {2017},
	doi = {10.1007/978-3-319-52452-8},
}

@article{mehta2019high,
  title={A high-bias, low-variance introduction to machine learning for physicists},
  author={Mehta, Pankaj and Bukov, Marin and Wang, Ching-Hao and Day, Alexandre GR and Richardson, Clint and Fisher, Charles K and Schwab, David J},
  journal={Physics reports},
  volume={810},
  pages={1--124},
  year={2019},
  publisher={Elsevier}
}

@book{geron_hands-machine_2019,
	edition = {2},
	title = {Hands-{On} {Machine} {Learning} with {Scikit}-{Learn}, {Keras}, and {TensorFlow}},
	isbn = {978-1-4920-3264-9},
	url = {https://www.oreilly.com/library/view/hands-on-machine-learning/9781492032632/},
	abstract = {Through a series of recent breakthroughs, deep learning has boosted the entire field of machine learning. Now, even programmers who know close to nothing about this technology can use simple, … - Selection from Hands-On Machine Learning with Scikit-Learn, Keras, and TensorFlow, 2nd Edition [Book]},
	language = {en},
	urldate = {2021-10-18},
	publisher = {O'Reilly Media, Inc.},
	author = {Géron, Aurélien},
	year = {2019}
}


@book{friedman2001elements,
  title={The elements of statistical learning},
  author={Friedman, Jerome and Hastie, Trevor and Tibshirani, Robert and others},
  volume={1},
  number={10},
  year={2001},
  publisher={Springer series in statistics New York}
}

@article{bishop2006pattern,
  title={Pattern recognition},
  author={Bishop, Christopher M},
  journal={Machine learning},
  volume={128},
  number={9},
  year={2006}
}

@article{masters_revisiting_2018,
	title = {Revisiting {Small} {Batch} {Training} for {Deep} {Neural} {Networks}},
	url = {http://arxiv.org/abs/1804.07612},
	abstract = {Modern deep neural network training is typically based on mini-batch stochastic gradient optimization. While the use of large mini-batches increases the available computational parallelism, small batch training has been shown to provide improved generalization performance and allows a signiﬁcantly smaller memory footprint, which might also be exploited to improve machine throughput.},
	language = {en},
	urldate = {2021-12-15},
	journal = {arXiv:1804.07612 [cs, stat]},
	author = {Masters, Dominic and Luschi, Carlo},
	month = apr,
	year = {2018},
	note = {arXiv: 1804.07612},
	keywords = {Computer Science - Computer Vision and Pattern Recognition, Computer Science - Machine Learning, Statistics - Machine Learning}
}